@book{mitchell1997learning,
author = {Mitchell, Thomas M.},
title = {Machine Learning},
year = {1997},
isbn = {0070428077},
publisher = {McGraw-Hill, Inc.},
address = {USA},
edition = {1}
}